<record><leader>00000cas a2200000 a 4500</leader><controlfield tag="001">9703555</controlfield><controlfield tag="008">830714d1830189unyucr ne      0    0eng c</controlfield><datafield ind1=" " ind2=" " tag="010"><subfield code="a">sn 83030895 </subfield></datafield><datafield ind1=" " ind2=" " tag="040"><subfield code="a">NPU</subfield><subfield code="b">eng</subfield><subfield code="c">NPU</subfield><subfield code="d">DLC</subfield><subfield code="d">NPX</subfield><subfield code="d">YOX</subfield><subfield code="d">NYS</subfield><subfield code="d">CNK</subfield><subfield code="d">MGN</subfield><subfield code="d">NYS</subfield><subfield code="d">OCL</subfield><subfield code="d">CVF</subfield><subfield code="d">NYS</subfield><subfield code="d">OCLCG</subfield><subfield code="d">KRTAS</subfield><subfield code="d">OCLCQ</subfield><subfield code="d">OCLCF</subfield><subfield code="d">OCLCO</subfield></datafield><datafield ind1="1" ind2=" " tag="029"><subfield code="a">AU@</subfield><subfield code="b">000020127117</subfield></datafield><datafield ind1=" " ind2=" " tag="042"><subfield code="a">pcc</subfield></datafield><datafield ind1=" " ind2=" " tag="043"><subfield code="a">n-us-ny</subfield></datafield><datafield ind1="0" ind2="0" tag="050"><subfield code="a">Newspaper 8829-X</subfield></datafield><datafield ind1="0" ind2=" " tag="130"><subfield code="a">Albany journal (Albany, N.Y. : 1830)</subfield></datafield><datafield ind1="1" ind2="4" tag="245"><subfield code="a">The Albany journal.</subfield></datafield><datafield ind1="1" ind2="3" tag="246"><subfield code="a">Albany semi-weekly journal</subfield></datafield><datafield ind1="1" ind2="3" tag="246"><subfield code="a">Albany journal, for the country</subfield></datafield><datafield ind1=" " ind2=" " tag="260"><subfield code="a">Albany [N.Y.] :</subfield><subfield code="b">B.D. Packard &amp; Co.,</subfield><subfield code="c">1830-</subfield></datafield><datafield ind1=" " ind2=" " tag="300"><subfield code="a">v. :</subfield><subfield code="b">ill. ;</subfield><subfield code="c">55-70 cm.</subfield></datafield><datafield ind1=" " ind2=" " tag="310"><subfield code="a">Semiweekly</subfield></datafield><datafield ind1="0" ind2=" " tag="362"><subfield code="a">Vol. 1, no. 1 (Mar. 30, 1830)-</subfield></datafield><datafield ind1=" " ind2=" " tag="500"><subfield code="a">"Semi-weekly" appears within title ornament in small type, &lt;1887-1898&gt;.</subfield></datafield><datafield ind1=" " ind2=" " tag="500"><subfield code="a">Publishers: Benjamin D. Packard, Chauncey Webster &amp; Benjamin Hoffman, 1831; Benjamin D. Packard, Benjamin Hoffman &amp; Andrew White, 1831-1833; Benjamin Hoffman &amp; Andrew White, 1833-1841; William &amp; Andrew White, 1842-1843; William White &amp; Visscher Ten Eyck, 1843-1845; Thurlow Weed, William White &amp; Visscher Ten Eyck, 1845-1846; Ten Eyck &amp; Co., 1846-1856; Wilkeson &amp; Co., 1856-1858; Weed, Dawson &amp; Co., 1858-1863; Dawson &amp; Co., 1863-1877; The Journal Co., 1877-&lt;1899&gt;.</subfield></datafield><datafield ind1=" " ind2=" " tag="500"><subfield code="a">Editors: Thurlow Weed, 1830-&lt;1840&gt;, &lt;1843-1855&gt;, 1858-1863; George Dawson, 1846-1856, 1858-&lt;1863&gt;, 1870-&lt;1876&gt;; Frederick W. Seward, 1854-&lt;1863&gt;; John Ten Eyck, 1854-&lt;1863&gt;; Philip Ten Eyck, &lt;1858-1863&gt;; J.D. Parsons, &lt;1858-1863&gt;; George W. Demers, 1867-1870; Charles E. Smith, 1870-&lt;1876&gt;.</subfield></datafield><datafield ind1=" " ind2=" " tag="500"><subfield code="a">Printer: Thurlow Weed, &lt;1840-1843&gt;.</subfield></datafield><datafield ind1=" " ind2=" " tag="500"><subfield code="a">Anti-Masonic, 1830-1834; Republican, 1830-&lt;1831&gt;; Whig, 1835, 1837-1841; People's Ticket, 1836; Democratic Whig, 1842-1854; Republican, 1855-&lt;1876&gt;.</subfield></datafield><datafield ind1=" " ind2=" " tag="580"><subfield code="a">Daily ed.: Albany evening journal.</subfield></datafield><datafield ind1=" " ind2="0" tag="651"><subfield code="a">Albany (N.Y.)</subfield><subfield code="v">Newspapers.</subfield></datafield><datafield ind1=" " ind2="0" tag="651"><subfield code="a">Albany County (N.Y.)</subfield><subfield code="v">Newspapers.</subfield></datafield><datafield ind1=" " ind2="7" tag="655"><subfield code="a">Newspapers.</subfield><subfield code="2">fast</subfield><subfield code="0">(OCoLC)fst01423814</subfield></datafield><datafield ind1=" " ind2="7" tag="651"><subfield code="a">New York (State)</subfield><subfield code="z">Albany.</subfield><subfield code="2">fast</subfield><subfield code="0">(OCoLC)fst01225716</subfield></datafield><datafield ind1=" " ind2="7" tag="651"><subfield code="a">New York (State)</subfield><subfield code="z">Albany County.</subfield><subfield code="2">fast</subfield><subfield code="0">(OCoLC)fst01210357</subfield></datafield><datafield ind1="1" ind2=" " tag="700"><subfield code="a">Weed, Thurlow,</subfield><subfield code="d">1797-1882.</subfield></datafield><datafield ind1=" " ind2=" " tag="752"><subfield code="a">United States</subfield><subfield code="b">New York</subfield><subfield code="c">Albany</subfield><subfield code="d">Albany.</subfield></datafield><datafield ind1="1" ind2=" " tag="775"><subfield code="t">Albany evening journal</subfield><subfield code="w">(DLC)sn 83030911</subfield></datafield><datafield ind1=" " ind2=" " tag="938"><subfield code="a">Kirtas Technologies, Inc.</subfield><subfield code="b">KRTS</subfield><subfield code="n">737084</subfield></datafield></record>